<record><leader>00000cas a22000007a 4500</leader><controlfield tag="001">12049594</controlfield><controlfield tag="008">850518d18531854wiuwr ne      0    0eng d</controlfield><datafield ind1=" " ind2=" " tag="010"><subfield code="a">sn 85040732 </subfield></datafield><datafield ind1=" " ind2=" " tag="040"><subfield code="a">NPV</subfield><subfield code="b">eng</subfield><subfield code="c">NPV</subfield><subfield code="d">OCL</subfield><subfield code="d">OCLCQ</subfield></datafield><datafield ind1=" " ind2=" " tag="042"><subfield code="a">msc</subfield></datafield><datafield ind1=" " ind2=" " tag="045"><subfield code="a">w5w5</subfield></datafield><datafield ind1=" " ind2=" " tag="052"><subfield code="a">4123</subfield><subfield code="b">W5</subfield></datafield><datafield ind1="0" ind2=" " tag="130"><subfield code="a">Independent press (Waukesha, Wis.)</subfield></datafield><datafield ind1="1" ind2="0" tag="245"><subfield code="a">Independent press.</subfield></datafield><datafield ind1=" " ind2=" " tag="260"><subfield code="a">Waukesha, Wis. :</subfield><subfield code="b">E.H. Baxter &amp; Co.,</subfield><subfield code="c">1853-1854.</subfield></datafield><datafield ind1=" " ind2=" " tag="300"><subfield code="a">1 v.</subfield></datafield><datafield ind1=" " ind2=" " tag="310"><subfield code="a">Weekly</subfield></datafield><datafield ind1="0" ind2=" " tag="362"><subfield code="a">Vol. 1, no. 1 (July 20, 1853)-v. 1, no. 30 (Feb. 15, 1854).</subfield></datafield><datafield ind1=" " ind2=" " tag="500"><subfield code="a">Editors: C.C. White &amp; S.A. Bean, July 20-Oct. 26, 1853; S.A. Bean, Nov. 2, 1853-Feb. 15, 1854.</subfield></datafield><datafield ind1=" " ind2=" " tag="530"><subfield code="a">Available on microfilm from The State Historical Society of Wisconsin.</subfield></datafield><datafield ind1=" " ind2=" " tag="752"><subfield code="a">United States</subfield><subfield code="b">Wisconsin</subfield><subfield code="c">Waukesha</subfield><subfield code="d">Waukesha.</subfield></datafield><datafield ind1="0" ind2="0" tag="785"><subfield code="t">Waukesha County democrat (Waukesha, Wis. : 1854)</subfield><subfield code="w">(DLC)sn 85040731</subfield></datafield><datafield ind1="1" ind2=" " tag="029"><subfield code="a">AU@</subfield><subfield code="b">000025804671</subfield></datafield></record>